<?xml version="1.0" encoding="UTF-8"?><record xmlns="http://www.loc.gov/MARC21/slim" xmlns:cinclude="http://apache.org/cocoon/include/1.0" xmlns:zs="http://www.loc.gov/zing/srw/">
  <leader>01916cz  a2200301n  4500</leader>
  <controlfield tag="001">n  89292279 </controlfield>
  <controlfield tag="003">DLC</controlfield>
  <controlfield tag="005">20150429055620.0</controlfield>
  <controlfield tag="008">940707n| azannaab           |a aaa      </controlfield>
  <datafield tag="010" ind1=" " ind2=" ">
    <subfield code="a">n  89292279 </subfield>
    <subfield code="z">nb2007003154</subfield>
  </datafield>
  <datafield tag="040" ind1=" " ind2=" ">
    <subfield code="a">DLC</subfield>
    <subfield code="c">DLC</subfield>
    <subfield code="d">DLC</subfield>
    <subfield code="d">DLC</subfield>
    <subfield code="e">rda</subfield>
  </datafield>
  <datafield tag="100" ind1="1" ind2=" ">
    <subfield code="a">Bhaṭṭa, Sūryanārāyaṇanāgendra</subfield>
  </datafield>
  <datafield tag="400" ind1="0" ind2=" ">
    <subfield code="a">Sūryanārāyaṇanāgendrabhaṭṭaḥ</subfield>
  </datafield>
  <datafield tag="400" ind1="1" ind2=" ">
    <subfield code="a">Bhatt, Suryanarayana Nagendra</subfield>
  </datafield>
  <datafield tag="400" ind1="0" ind2=" ">
    <subfield code="a">Suryanarayana Nagendera Bhatt</subfield>
  </datafield>
  <datafield tag="400" ind1="1" ind2=" ">
    <subfield code="a">Bhat, Suryanarayana Nagendra</subfield>
  </datafield>
  <datafield tag="400" ind1="0" ind2=" ">
    <subfield code="a">Suryanarayana Nagendra Bhat</subfield>
  </datafield>
  <datafield tag="400" ind1="1" ind2=" ">
    <subfield code="a">Sūryanārāyaṇa Nāgendrabhaṭṭa, Hitlaḷḷi</subfield>
  </datafield>
  <datafield tag="400" ind1="1" ind2=" ">
    <subfield code="a">Suryanarayana Nagendra Bhat, Hitlahalli</subfield>
  </datafield>
  <datafield tag="400" ind1="1" ind2=" ">
    <subfield code="a">Sūryanārāyaṇanāgendrabhaṭṭa, Hitlaḷḷi</subfield>
  </datafield>
  <datafield tag="400" ind1="1" ind2=" ">
    <subfield code="a">Nāgendra Bhaṭṭa, Sūryanārāyaṇa</subfield>
  </datafield>
  <datafield tag="400" ind1="1" ind2=" ">
    <subfield code="a">Bhaṭṭa, Sūryanārāyaṇa Nāgendra</subfield>
  </datafield>
  <datafield tag="670" ind1=" " ind2=" ">
    <subfield code="a">Śukāṣṭakam, 1992:</subfield>
    <subfield code="b">t.p. (Sūryanārāyaṇanāgendrabhaṭṭḥ) frwd (Sūryanārāyaṇa Nāgendra Bhatt)</subfield>
  </datafield>
  <datafield tag="670" ind1=" " ind2=" ">
    <subfield code="a">Bhattanayodyotah, 2006:</subfield>
    <subfield code="b">added t.p. (Suryanarayana Nagendra Bhat)</subfield>
  </datafield>
  <datafield tag="670" ind1=" " ind2=" ">
    <subfield code="a">Hānagal Śrīvirūpākṣaśāstrī, 2013:</subfield>
    <subfield code="b">title page (Ḍā. Hitlaḷḷi Sūryanārāyaṇa Nāgendrabhaṭṭaḥ) title page verso (Dr. Hitlahalli Suryanarayana Nagendra Bhat) author's page (Ḍā. Hitlalli Sūryanārāyaṇanāgendrabhaṭṭa; born in 1954; studied Sanskrit from Mysore, Tirupati, Pondicheery; worked as director, Vedantabharati Samsodhana Mandira, Mysore; Sanskrit author, editor, and critic)</subfield>
  </datafield>
  <datafield tag="670" ind1=" " ind2=" ">
    <subfield code="a">Śrī Br̥hat Gangādharendra Sarasvatī, Svarṇavallī, 2001:</subfield>
    <subfield code="b">t.p. (Sūryanārāyaṇa Nāgendra Bhaṭṭa)</subfield>
  </datafield>
  <datafield tag="670" ind1=" " ind2=" ">
    <subfield code="a">BL S&amp;C, 1 Feb. 2007</subfield>
    <subfield code="b">(ref.: Bhaṭṭa, Sūryanārāyaṇa Nāgendra)</subfield>
  </datafield>
  <datafield tag="670" ind1=" " ind2=" ">
    <subfield code="a">http://www.hindu.com/thehindu/thscrip/print.pl?file=2005020312660300.htm&amp;date=2005/02/03/&amp;prd=th&amp;, July 17, 2014</subfield>
    <subfield code="b">(Hitlahalli Nagendra Bhat)</subfield>
  </datafield>
</record>